@book{Ebbinghaus2003,
    title={Einf√ºhrung in die Mengenlehre (German Edition)},
    author={Ebbinghaus, Heinz-Dieter},
    publisher={Spektrum Akademischer Verlag},
    year={2003},
    month={3},
    date={4},
    edition={Taschenbuch},
    pages={264},
    keywords={Mathematik},
    isbn={978-3827414113},
}
